<?xml version="1.0" encoding="UTF-8"?><collection xmlns="http://www.loc.gov/MARC21/slim"><record><leader>00526nam--2200133-i-4500</leader><controlfield tag="001">000015226</controlfield><controlfield tag="002">20161230</controlfield><controlfield tag="005">20161230201031</controlfield><controlfield tag="008">060222s1000------------r-----000-0-eng-d</controlfield><datafield ind1=" " ind2=" " tag="080"><subfield code="a">547.2:543.253(047.3)</subfield></datafield><datafield ind1=" " ind2=" " tag="100"><subfield code="a">Belot, Gerard</subfield></datafield><datafield ind1=" " ind2=" " tag="245"><subfield code="a">Etude du comportement polarographique de compo ses azo, azoxy et azodioxy aliphatiques. reduction electrochimique en milieu aprotique de composes insatures en presence de dielectro philes.these</subfield></datafield><datafield ind1=" " ind2=" " tag="260"><subfield code="a">Paris, La Faculte Des Sciences Et Des Techniqu Es 1981. 116 P</subfield></datafield><datafield ind1=" " ind2=" " tag="852"><subfield code="a">71783</subfield></datafield></record></collection>